@misc{assignment,
title        = "Homework Module: Simulating Swarm Behaviour in Webots",
author        = "\todo{Unknown}",
institution = "Department of Computer and Information Science, NTNU",
howpublished = {\url{http://www.idi.ntnu.no/emner/it3708/assignments/modules/swarm-project-2014.pdf}},
}

@misc{mwarnerwu,
title = "Subsumption Architecture",
author = "\todo{Unknown}",
howpublished = {\url{http://mwarnerwu.wordpress.com/research/subsumption-architecture/}},
}

@PhdThesis{berg-karud,
title = "Swarm Intelligence in Bio-inspired Robotics",
author = "Jannik Berg and Camilla Haukenes Karud",
school = "Norwegian University of Science and Technology",
year = "2011",
}
